@article{He2017,
  author    = {Zhiguo He and Bryan Kelly and Asaf Manela},
  title     = {Intermediary Asset Pricing: New Evidence from Many Asset Classes},
  journal   = {Journal of Financial Economics},
  publisher = {North-Holland},
  year      = {2017},
  url       = {https://www.sciencedirect.com/science/article/abs/pii/S0304405X1730212X}
}

@article{Yang2013,
  author    = {Fan Yang},
  title     = {Investment Shocks and the Commodity Basis Spread},
  journal   = {Journal of Financial Economics},
  publisher = {North-Holland},
  year      = {2013},
  url       = {https://www.sciencedirect.com/science/article/abs/pii/S0304405X13001360}
}
